<?xml version="1.0" encoding="UTF-8"?><collection xmlns="http://www.loc.gov/MARC21/slim"><record><leader>00606nam--2200193-i-4500</leader><controlfield tag="001">000035252</controlfield><controlfield tag="002">20161230</controlfield><controlfield tag="005">20161230201040</controlfield><controlfield tag="008">060222s1000------------r-----000-0-eng-d</controlfield><datafield ind1=" " ind2=" " tag="040"><subfield code="a">IFIN-HH</subfield></datafield><datafield ind1=" " ind2=" " tag="080"><subfield code="a">541.57</subfield></datafield><datafield ind1="1" ind2=" " tag="100"><subfield code="a">Pauling, Linus</subfield></datafield><datafield ind1="1" ind2="0" tag="245"><subfield code="a">The nature of the chemical bond and the structure of molecules and crystals</subfield><subfield code="c">Linus pauling</subfield></datafield><datafield ind1=" " ind2=" " tag="250"><subfield code="a">Second Impession</subfield></datafield><datafield ind1=" " ind2=" " tag="260"><subfield code="a">London</subfield><subfield code="b">Oxford Univ.Press</subfield><subfield code="c">1950</subfield></datafield><datafield ind1=" " ind2=" " tag="300"><subfield code="a">XVI + 450P</subfield></datafield><datafield ind1=" " ind2=" " tag="490"><subfield code="a">The George Fisher Baker Non-resident Lectureship In Chemistry At Cornell Unioversity</subfield></datafield><datafield ind1=" " ind2=" " tag="852"><subfield code="a">713</subfield><subfield code="c">541</subfield></datafield><datafield ind1=" " ind2=" " tag="CAT"><subfield code="a">Sys</subfield><subfield code="c">20160209</subfield><subfield code="h">141240</subfield></datafield></record></collection>